{
  "leader": "04055cam a2200541 a 4500",
  "fields": [
    {
      "001": "ocm28148110\\"
    },
    {
      "003": "OCoLC"
    },
    {
      "005": "20230104131512.0"
    },
    {
      "008": "930505s1993\\\\\\\\nyuabf\\\\\\b\\\\\\\\001\\0deng\\\\"
    },
    {
      "010": {
        "ind1": "\\",
        "ind2": "\\",
        "subfields": [
          {
            "a": "   93002067 "
          }
        ]
      }
    },
    {
      "040": {
        "ind1": "\\",
        "ind2": "\\",
        "subfields": [
          {
            "a": "DLC"
          },
          {
            "b": "eng"
          },
          {
            "c": "DLC"
          },
          {
            "d": "BAKER"
          },
          {
            "d": "NLGGC"
          },
          {
            "d": "BTCTA"
          },
          {
            "d": "YDXCP"
          },
          {
            "d": "OCLCG"
          },
          {
            "d": "OCLCQ"
          },
          {
            "d": "BDX"
          },
          {
            "d": "EUM"
          },
          {
            "d": "GBVCP"
          },
          {
            "d": "OCLCF"
          },
          {
            "d": "OCLCO"
          },
          {
            "d": "OCLCQ"
          },
          {
            "d": "OCLCA"
          },
          {
            "d": "J9U"
          },
          {
            "d": "OCLCA"
          },
          {
            "d": "OCLCQ"
          },
          {
            "d": "OCLCO"
          },
          {
            "d": "CPO"
          },
          {
            "d": "JDP"
          },
          {
            "d": "OCLCO"
          },
          {
            "d": "OCLCQ"
          },
          {
            "d": "OCLCO"
          },
          {
            "d": "DPL"
          },
          {
            "d": "OCLCO"
          }
        ]
      }
    },
    {
      "020": {
        "ind1": "\\",
        "ind2": "\\",
        "subfields": [
          {
            "a": "0823215032"
          },
          {
            "q": "(cloth)"
          }
        ]
      }
    },
    {
      "020": {
        "ind1": "\\",
        "ind2": "\\",
        "subfields": [
          {
            "a": "9780823215034"
          },
          {
            "q": "(cloth)"
          }
        ]
      }
    },
    {
      "035": {
        "ind1": "\\",
        "ind2": "\\",
        "subfields": [
          {
            "a": "(OCoLC)28148110"
          }
        ]
      }
    },
    {
      "043": {
        "ind1": "\\",
        "ind2": "\\",
        "subfields": [
          {
            "a": "n-us-or"
          },
          {
            "a": "n-us-hi"
          },
          {
            "a": "n-usp--"
          }
        ]
      }
    },
    {
      "050": {
        "ind1": "0",
        "ind2": "0",
        "subfields": [
          {
            "a": "F884.A8"
          },
          {
            "b": "S48 1993"
          }
        ]
      }
    },
    {
      "082": {
        "ind1": "0",
        "ind2": "0",
        "subfields": [
          {
            "a": "979.546"
          },
          {
            "b": "SET"
          }
        ]
      }
    },
    {
      "100": {
        "ind1": "1",
        "ind2": "\\",
        "subfields": [
          {
            "a": "Seton, Alfred,"
          },
          {
            "d": "1793-1859."
          }
        ]
      }
    },
    {
      "245": {
        "ind1": "1",
        "ind2": "0",
        "subfields": [
          {
            "a": "Astorian adventure :"
          },
          {
            "b": "the journal of Alfred Seton, 1811-1815 /"
          },
          {
            "c": "edited by Robert F. Jones."
          }
        ]
      }
    },
    {
      "260": {
        "ind1": "\\",
        "ind2": "\\",
        "subfields": [
          {
            "a": "New York :"
          },
          {
            "b": "Fordham University Press,"
          },
          {
            "c": "1993."
          }
        ]
      }
    },
    {
      "300": {
        "ind1": "\\",
        "ind2": "\\",
        "subfields": [
          {
            "a": "x, 221 pages, 12 unnumbered pages of plates :"
          },
          {
            "b": "illustrations, maps ;"
          },
          {
            "c": "24 cm"
          }
        ]
      }
    },
    {
      "336": {
        "ind1": "\\",
        "ind2": "\\",
        "subfields": [
          {
            "a": "text"
          },
          {
            "b": "txt"
          },
          {
            "2": "rdacontent"
          }
        ]
      }
    },
    {
      "337": {
        "ind1": "\\",
        "ind2": "\\",
        "subfields": [
          {
            "a": "unmediated"
          },
          {
            "b": "n"
          },
          {
            "2": "rdamedia"
          }
        ]
      }
    },
    {
      "338": {
        "ind1": "\\",
        "ind2": "\\",
        "subfields": [
          {
            "a": "volume"
          },
          {
            "b": "nc"
          },
          {
            "2": "rdacarrier"
          }
        ]
      }
    },
    {
      "504": {
        "ind1": "\\",
        "ind2": "\\",
        "subfields": [
          {
            "a": "Includes bibliographical references (pages 211-214) and index."
          }
        ]
      }
    },
    {
      "520": {
        "ind1": "1",
        "ind2": "\\",
        "subfields": [
          {
            "a": "\"This is the journal of a young New Yorker of good family who signed on as a clerk with John Jacob Astor's Pacific Fur Company, incorporated in 1808, at a time when the Pacific Northwest was still disputed among the United States, Great Britain, Spain, and Russia. The company was to tap the fur resources of the Northwest as well as to establish trade with both Russian Alaska and Canton in China. The difficulties for the Pacific Fur Company, American-owned but largely Canadian-staffed, brought on by the War of 1812, are described, including the forced sale of Astoria and the company's furs and trade goods to the North West Company, a Canadian rival.\"--BOOK JACKET. \"The young clerk recounts life and manners in the areas where he lived and worked: the Pacific Northwest, Hawaii, Russian Alaska, and Spanish dominions in California and Mexico. He describes the tensions and violence between whites and Indians. His descriptions often reveal that he took a superior attitude toward the French Canadians and Indians with whom he had to deal and, on at least one occasion, he frets that his contact with these rough characters will cause him to lose his gentlemanly ways. By contrast, the beauty and refined manners of young Spanish women in California nearly lead him to \"a foolish act\" (i.e., to a marriage proposal that would have distressed his parents).\"--BOOK JACKET. \"In 1947 the notebook was discovered during the renovation of Washington Irving's home in Tarrytown, New York. It is theorized that Seton himself lent the notebook to Irving who used it as a source of his history of the Pacific Fur Company, Astoria, Or Anecdotes of an Enterprise Beyond the Rocky Mountains.\"--BOOK JACKET."
          }
        ]
      }
    },
    {
      "600": {
        "ind1": "1",
        "ind2": "0",
        "subfields": [
          {
            "a": "Seton, Alfred,"
          },
          {
            "d": "1793-1859"
          },
          {
            "x": "Diaries."
          }
        ]
      }
    },
    {
      "651": {
        "ind1": "\\",
        "ind2": "0",
        "subfields": [
          {
            "a": "Astoria (Or.)"
          },
          {
            "x": "History."
          }
        ]
      }
    },
    {
      "650": {
        "ind1": "\\",
        "ind2": "0",
        "subfields": [
          {
            "a": "Fur trade"
          },
          {
            "z": "Northwest, Pacific"
          },
          {
            "x": "History."
          }
        ]
      }
    },
    {
      "651": {
        "ind1": "\\",
        "ind2": "0",
        "subfields": [
          {
            "a": "Northwest, Pacific"
          },
          {
            "x": "Description and travel."
          }
        ]
      }
    },
    {
      "651": {
        "ind1": "\\",
        "ind2": "0",
        "subfields": [
          {
            "a": "Northwest, Pacific"
          },
          {
            "x": "History."
          }
        ]
      }
    },
    {
      "651": {
        "ind1": "\\",
        "ind2": "0",
        "subfields": [
          {
            "a": "Hawaii"
          },
          {
            "x": "Description and travel."
          }
        ]
      }
    },
    {
      "600": {
        "ind1": "1",
        "ind2": "7",
        "subfields": [
          {
            "a": "Seton, Alfred,"
          },
          {
            "d": "1793-1859"
          },
          {
            "2": "fast"
          },
          {
            "0": "(OCoLC)fst00321341"
          }
        ]
      }
    },
    {
      "650": {
        "ind1": "\\",
        "ind2": "7",
        "subfields": [
          {
            "a": "Fur trade."
          },
          {
            "2": "fast"
          },
          {
            "0": "(OCoLC)fst00936407"
          }
        ]
      }
    },
    {
      "650": {
        "ind1": "\\",
        "ind2": "7",
        "subfields": [
          {
            "a": "Travel."
          },
          {
            "2": "fast"
          },
          {
            "0": "(OCoLC)fst01155558"
          }
        ]
      }
    },
    {
      "651": {
        "ind1": "\\",
        "ind2": "7",
        "subfields": [
          {
            "a": "Hawaii."
          },
          {
            "2": "fast"
          },
          {
            "0": "(OCoLC)fst01208724"
          }
        ]
      }
    },
    {
      "651": {
        "ind1": "\\",
        "ind2": "7",
        "subfields": [
          {
            "a": "Oregon"
          },
          {
            "z": "Astoria."
          },
          {
            "2": "fast"
          },
          {
            "0": "(OCoLC)fst01217113"
          }
        ]
      }
    },
    {
      "651": {
        "ind1": "\\",
        "ind2": "7",
        "subfields": [
          {
            "a": "Pacific Northwest."
          },
          {
            "2": "fast"
          },
          {
            "0": "(OCoLC)fst01242543"
          }
        ]
      }
    },
    {
      "655": {
        "ind1": "\\",
        "ind2": "7",
        "subfields": [
          {
            "a": "Diaries."
          },
          {
            "2": "fast"
          },
          {
            "0": "(OCoLC)fst01423794"
          }
        ]
      }
    },
    {
      "655": {
        "ind1": "\\",
        "ind2": "7",
        "subfields": [
          {
            "a": "History."
          },
          {
            "2": "fast"
          },
          {
            "0": "(OCoLC)fst01411628"
          }
        ]
      }
    },
    {
      "655": {
        "ind1": "\\",
        "ind2": "7",
        "subfields": [
          {
            "a": "Diaries."
          },
          {
            "2": "lcgft"
          }
        ]
      }
    },
    {
      "700": {
        "ind1": "1",
        "ind2": "\\",
        "subfields": [
          {
            "a": "Jones, Robert F."
          },
          {
            "q": "(Robert Francis),"
          },
          {
            "d": "1935-"
          }
        ]
      }
    },
    {
      "856": {
        "ind1": "4",
        "ind2": "1",
        "subfields": [
          {
            "3": "Table of contents"
          },
          {
            "u": "http://catdir.loc.gov/catdir/toc/fy0604/93002067.html"
          }
        ]
      }
    },
    {
      "856": {
        "ind1": "4",
        "ind2": "2",
        "subfields": [
          {
            "3": "Contributor biographical information"
          },
          {
            "u": "http://catdir.loc.gov/catdir/enhancements/fy0733/93002067-b.html"
          }
        ]
      }
    },
    {
      "856": {
        "ind1": "4",
        "ind2": "2",
        "subfields": [
          {
            "3": "Publisher description"
          },
          {
            "u": "http://catdir.loc.gov/catdir/enhancements/fy0730/93002067-d.html"
          }
        ]
      }
    },
    {
      "994": {
        "ind1": "\\",
        "ind2": "\\",
        "subfields": [
          {
            "a": "Z0"
          },
          {
            "b": "NYRVC"
          }
        ]
      }
    },
    {
      "948": {
        "ind1": "\\",
        "ind2": "\\",
        "subfields": [
          {
            "h": "NO HOLDINGS IN NYRVC - 249 OTHER HOLDINGS"
          }
        ]
      }
    },
    {
      "999": {
        "ind1": "\\",
        "ind2": "\\",
        "subfields": [
          {
            "a": "00000000017806"
          }
        ]
      }
    }
  ]
}